<?xml version="1.0" encoding="UTF-8"?><collection xmlns="http://www.loc.gov/MARC21/slim"><record><leader>00384nam--2200133-i-4500</leader><controlfield tag="001">000034886</controlfield><controlfield tag="002">20161230</controlfield><controlfield tag="005">20161230201040</controlfield><controlfield tag="008">060222s1000------------r-----000-0-eng-d</controlfield><datafield ind1=" " ind2=" " tag="080"><subfield code="a">621.38</subfield></datafield><datafield ind1=" " ind2=" " tag="100"><subfield code="a">Norris, Carroll Boyd</subfield></datafield><datafield ind1=" " ind2=" " tag="245"><subfield code="a">Electron beam-pn junction active devices and measurements. thesis</subfield></datafield><datafield ind1=" " ind2=" " tag="260"><subfield code="a">Ann Arbor, University Microfilms, Inc., 1967, X + 106p</subfield></datafield><datafield ind1=" " ind2=" " tag="852"><subfield code="a">29323</subfield></datafield></record></collection>